@online{moveit,
    author    = "Ioan A. Sucan and Sachin Chitta",
    title     = "Move It!",
    url       = "http://moveit.ros.org",
    Note   = "\url{http://moveit.ros.org}
      [Accessed: 04.05.2018]",
    addendum = "(accessed: 04.05.2018)",
    keywords  = "control,motion,planning"
}
@online{rviz_site,
    author    = "ROS Community",
    title     = "Rviz User Guide",
    Note   = "\url{http://wiki.ros.org/rviz/UserGuide}
     [Accessed: 04.05.2018]",
    url       = "http://wiki.ros.org/rviz/UserGuide",
    addendum = "(accessed: 04.05.2018)",
    keywords  = "visualization,planning"
}

